@article{vaswani2017,
  title={Attention is all you need},
  author={Vaswani, Ashish and Shazeer, Noam and Parmar, Niki and Uszkoreit, Jakob and Jones, Llion and Gomez, Aidan N and Kaiser, Lukasz and Polosukhin, Illia},
  journal={arXiv preprint arXiv:1706.03762},
  year={2017}
}

@article{kim2020code,
  title={Code prediction by feeding trees to transformers},
  author={Kim, Seohyun and Zhao, Jinman and Tian, Yuchi and Chandra, Satish},
  journal={arXiv preprint arXiv:2003.13848},
  year={2020}
}
